%Article 1
@article{antolin2009filling,
  title={Filling the pension gap: coverage and value of voluntary retirement savings},
  author={Antol{\'\i}n, Pablo and Whitehouse, Edward},
  year={2009}
}
@article{arntz2017revisiting,
	title={Revisiting the risk of automation},
	author={Arntz, Melanie and Gregory, Terry and Zierahn, Ulrich},
	journal={Economics Letters},
	volume={159},
	pages={157--160},
	year={2017},
	publisher={Elsevier}
}
%%%%%%%%%%%%%%%%%%%%%%%%%%%%%%%%%%%%%%%%%%%%%%%%%%%%%%%%%%%%%%%%%%%%%%%%%%%%%%%%%%%
%Article 2%%%%%%%%%%%%%%%%%%%%%%%%%%%%%%%%%%%%%%%%%%%%%%%%%%%%%%%%%%%%%%%%%%%%%%%%%
@article{penfold2017regionalism,
	title={Regionalism in the Southern African Development Community: Integration for better health?},
	author={Penfold, Erica and others},
	year={2017},
	publisher={South African Institute of International Affairs (SAIIA)}
}